@MISC{2023ivoa.spec.0617D,
       author = {{Dowler}, Patrick and {Bonnarel}, Fran{\c{c}}ois and {Michel}, Laurent and {Demleitner}, Markus and {Taylor}, Mark},
        title = "{IVOA DataLink Version 1.1}",
     keywords = {Astrophysics - Instrumentation and Methods for Astrophysics},
 howpublished = {IVOA Recommendation 15 December 2023},
         year = 2023,
        month = december,
        pages = {617},
          doi = {10.5479/ADS/bib/2015ivoa.spec.0617D},
archivePrefix = {arXiv},
       eprint = {1509.06152},
 primaryClass = {astro-ph.IM},
       adsurl = {https://ui.adsabs.harvard.edu/abs/2015ivoa.spec.0617D},
      adsnote = {Provided by the SAO/NASA Astrophysics Data System}
}
